@INPROCEEDINGS{Abayarjoo2013, 
	author={Abyarjoo, F. and Barreto, A. and Abyarjoo, S. and Ortega, F.R. and Cofino, J.}, 
	booktitle={Southeastcon, 2013 Proceedings of IEEE}, 
	title={Monitoring {H}uman {W}rist {R}otation in {T}hree {D}egrees of {F}reedom}, 
	year={2013}, 
	month={April}, 
	pages={1-5},  
	doi={10.1109/SECON.2013.6567517}, 
	ISSN={1091-0050},
}
@INPROCEEDINGS{Ashbrook2010,
  author = {{A}shbrook, {D}aniel and {S}tarner, {T}had},
  title = {{MAGIC}: {A} {M}otion {G}esture {D}esign {T}ool},
  booktitle = {Proceedings of the SIGCHI Conference on Human Factors in Computing
	Systems},
  year = {2010},
  pages = {2159--2168},
  organization = {ACM},
  file = {:C\:\\Users\\kb\\Documents\\master_thesis\\documentation\\references\\magic-a-motion-gesture-design-tool.pdf:PDF}
}
@INPROCEEDINGS{Buxton1995,
  author = {{B}uxton, {W}},
  title = {{I}ntegrating the {P}eriphery and {C}ontext: {A} {N}ew {T}axonomy of {T}elematics},
  booktitle = {Proceedings of Graphics Interface},
  year = {1995},
  volume = {95},
  pages = {239--246},
  file = {:C\:\\Users\\kb\\Documents\\master_thesis\\documentation\\references\\integrating-the-periphery-and-context-a-new-taxonomy-of-telematics.pdf:PDF}
}
@ARTICLE{Camacho2010,
  author = {{C}amacho, {O}scar and {V}iramontes, {E}duardo},
  title = {{D}esigning {T}ouch {S}ensing {E}lectrodes},
  journal = {{F}reescale {S}emiconductor {A}pplication {N}ote},
  year = {2011},
  volume = {Document Number: AN3863, Rev. 4},
  pages = {1-27},
  file = {:C\:\\Users\\kb\\Documents\\master_thesis\\documentation\\references\\designing-touch-sensing-electrodes.pdf:PDF}
}
@inproceedings{chang2009n,
	title={N-{D}imension {G}olden {S}ection {S}earch: Its {V}ariants and {L}imitations},
	author={Chang, Yen-Ching},
	booktitle={Biomedical Engineering and Informatics, 2009. BMEI'09. 2nd International Conference on},
	pages={1--6},
	year={2009},
	organization={IEEE}
}
@INPROCEEDINGS{Kanis2005,
  author = {{K}anis, {M}arije and {W}inters, {N}iall and {A}gamanolis, {S}tefan
	and {G}avin, {A}nna and {C}ullinan, {C}ian},
  title = {{T}oward {W}earable {S}ocial {N}etworking with i{B}and},
  booktitle = {CHI'05 Extended Abstracts on Human Factors in Computing Systems},
  year = {2005},
  pages = {1521--1524},
  organization = {ACM},
  file = {:C\:\\Users\\kb\\Documents\\master_thesis\\documentation\\references\\toward-wearable-social-networking-with-iband.pdf:PDF}
}
@ARTICLE{Kiefer1953,
  author = {{K}iefer, {J}ack},
  title = {{S}equential {M}inimax {S}earch for a {M}aximum},
  journal = {{P}roceedings of the {A}merican {M}athematical {S}ociety},
  year = {1953},
  volume = {4},
  pages = {502--506},
  number = {3},
  file = {:C\:\\Users\\kb\\Documents\\master_thesis\\documentation\\references\\sequential-minimax-search-for-a-maximum.pdf:PDF},
  publisher = {JSTOR}
}
@INPROCEEDINGS{Kim2007,
  author = {{K}im, {J}ungsoo and {H}e, {J}iasheng and {L}yons, {K}ent and {S}tarner,
	{T}had},
  title = {{T}he {G}esture {W}atch: {A} {W}ireless {C}ontact-free {G}esture based {W}rist
	{I}nterface},
  booktitle = {Wearable Computers, 2007 11th IEEE International Symposium on},
  year = {2007},
  pages = {15--22},
  organization = {IEEE},
  file = {:C\:\\Users\\kb\\Documents\\master_thesis\\documentation\\references\\the-gesture-watch-a-wireless-contact-free-gesture-based-wrist-interface.pdf:PDF}
}
@INPROCEEDINGS{Kratz2010,
  author = {{K}ratz, {S}ven and {R}ohs, {M}ichael},
  title = {{A} \$3 {G}esture {R}ecognizer: {S}imple {G}esture {R}ecognition for {D}evices
	{E}quipped with 3{D} {A}cceleration {S}ensors},
  booktitle = {Proceedings of the 15th international conference on Intelligent User
	Interfaces},
  year = {2010},
  pages = {341--344},
  organization = {ACM},
  file = {:C\:\\Users\\kb\\Documents\\master_thesis\\documentation\\references\\a-3-dollar-gesture-recognizer-simple-gesture-recognition-for-devices-equipped-with-3d-acceleration-sensors.pdf:PDF}
}
@INPROCEEDINGS{Lee2011,
  author = {{L}ee, {S}eungyon {C}laire and {L}i, {B}ohao and {S}tarner, {T}had},
  title = {{A}ir{T}ouch: {S}ynchronizing in-air hand gesture and on-body tactile
	feedback to augment mobile gesture interaction},
  booktitle = {Wearable Computers (ISWC), 2011 15th Annual International Symposium
	on},
  year = {2011},
  pages = {3--10},
  organization = {IEEE},
  file = {:C\:\\Users\\kb\\Documents\\master_thesis\\documentation\\references\\synchronizing-in-air-hand-gesture-and-on-body-tactile-feedback-to-augment-mobile-gesture-interaction.pdf:PDF}
}
@INPROCEEDINGS{Lee2010,
  author = {{L}ee, {S}eungyon {C}laire and {S}tarner, {T}had},
  title = {{B}uzz{W}ear: {A}lert {P}erception in {W}earable {T}actile {D}isplays
	on the {W}rist},
  booktitle = {Proceedings of the SIGCHI Conference on Human Factors in Computing
	Systems},
  year = {2010},
  pages = {433--442},
  organization = {ACM},
  file = {:C\:\\Users\\kb\\Documents\\master_thesis\\documentation\\references\\buzzwear-alert-perception-in-wearable-tactile-displays-on-the-wrist.pdf:PDF}
}
@ARTICLE{Liu2009,
  author = {{L}iu, {J}iayang and {Z}hong, {L}in and {W}ickramasuriya, {J}ehan
	and {V}asudevan, {V}enu},
  title = {u{W}ave: {A}ccelerometer-based personalized gesture recognition and
	its applications},
  journal = {{P}ervasive and {M}obile {C}omputing},
  year = {2009},
  volume = {5},
  pages = {657--675},
  number = {6},
  file = {:C\:\\Users\\kb\\Documents\\master_thesis\\documentation\\references\\uwave-accelerometer-based-personalized-gesture-recognition-and-its-applications.pdf:PDF},
  publisher = {Elsevier}
}
@INPROCEEDINGS{Lyons2012,
  author = {{L}yons, {K}ent and {N}guyen, {D}avid and {A}shbrook, {D}aniel and
	{W}hite, {S}ean},
  title = {{F}acet: {A} {M}ulti-{S}egment {W}rist {W}orn {S}ystem},
  booktitle = {Proceedings of the 25th Annual ACM Symposium on User Interface Software
	and Technology},
  year = {2012},
  pages = {123--130},
  organization = {ACM},
  file = {:C\:\\Users\\kb\\Documents\\master_thesis\\documentation\\references\\facet-a-multi-segment-wrist-worn-system.pdf:PDF}
}
@ELECTRONIC{Networks,
  author = {{R}oving {N}etworks},
  month = {3},
  year = {2013},
  title = {{B}luetooth {C}ommand {R}eference \& {A}dvanced {I}nformation {U}serâ€™s
	{G}uide},
  url = {http://ww1.microchip.com/downloads/en/DeviceDoc/bluetooth_cr_UG-v1.0r.pdf},
  abstract = {This document contains the software command reference and advanced
	configuration settings for Roving Networks Bluetooth data modules.},
  file = {:C\:\\Users\\kb\\Documents\\master_thesis\\documentation\\references\\RN42_bluetooth_command_reference.pdf:PDF}
}
@INPROCEEDINGS{Ni2009,
  author = {{N}i, {T}ao and {B}audisch, {P}atrick},
  title = {{D}isappearing {M}obile {D}evices},
  booktitle = {Proceedings of the 22nd Annual ACM Symposium on User Interface Software
	and Technology},
  year = {2009},
  pages = {101--110},
  organization = {ACM},
  file = {:C\:\\Users\\kb\\Documents\\master_thesis\\documentation\\references\\disappearing-mobile-devices.pdf:PDF}
}
@INPROCEEDINGS{Pohl2013,
  author = {{P}ohl, {H}enning and {M}urray-{S}mith, {R}oderick},
  title = {{F}ocused and {C}asual {I}nteractions: {A}llowing {U}sers to {V}ary {T}heir
	{L}evel of {E}ngagement},
  booktitle = {Proceedings of the SIGCHI Conference on Human Factors in Computing
	Systems},
  year = {2013},
  pages = {2223--2232},
  organization = {ACM},
  file = {:C\:\\Users\\kb\\Documents\\master_thesis\\documentation\\references\\focused-and-casual-interactions-allowing-users-to-vary-their-level-of-engagement.pdf:PDF}
}
@article{Rosenstein1985,
	title={{E}FFECT OF {C}OLOR OF THE {E}NVIRONMENT ON {T}ASK {P}ERFORMANCE AND {M}OOD OF {M}ALES AND {F}EMALES WITH {H}IGH OR {L}OW {S}CORES ON THE {S}CHOLASTIC {A}PTITUDE {T}EST},
	author={Rosenstein, LD},
	journal={Perceptual and Motor Skills},
	volume={60},
	number={2},
	pages={550--550},
	year={1985},
	publisher={Ammons Scientific}
}
@INPROCEEDINGS{Seitinger2009,
  author = {{S}eitinger, {S}usanne and {P}erry, {D}aniel {S} and {M}itchell,
	{W}illiam {J}},
  title = {{U}rban pixels: {P}ainting the {C}ity with {L}ight},
  booktitle = {Proceedings of the SIGCHI Conference on Human Factors in Computing
	Systems},
  year = {2009},
  pages = {839--848},
  organization = {ACM},
  file = {:C\:\\Users\\kb\\Documents\\master_thesis\\documentation\\references\\urban-pixels-painting-the-city-with-light.pdf:PDF}
}
@INPROCEEDINGS{Seitinger2010,
  author = {{S}eitinger, {S}usanne and {T}aub, {D}aniel {M}. and {T}aylor, {A}lex
	{S}.},
  title = {{L}ight {B}odies: {E}xploring {I}nteractions with {R}esponsive {L}ights},
  booktitle = {Proceedings of the Conference on Tangible, Embedded and Embodied
	Interfaces},
  year = {2010},
  file = {:C\:\\Users\\kb\\Documents\\master_thesis\\documentation\\references\\light-bodies-exploring-interactions-with-responsive-light.pdf:PDF},
  keywords = {ambient displays, interactive installation, physical pixels, responsive
	lighting}
}
@INPROCEEDINGS{Tarun2011,
  author = {{T}arun, {A}neesh {P} and {L}ahey, {B}yron and {G}irouard, {A}udrey
	and {B}urleson, {W}inslow and {V}ertegaal, {R}oel},
  title = {{S}naplet: {U}sing {B}ody {S}hape to {I}nform {F}unction in {M}obile
	{F}lexible {D}isplay {D}evices},
  booktitle = {CHI'11 Extended Abstracts on Human Factors in Computing Systems},
  year = {2011},
  pages = {329--334},
  organization = {ACM},
  file = {:C\:\\Users\\kb\\Documents\\master_thesis\\documentation\\references\\snaplet-using-body-shape-to-inform-function-in-mobile-flexible-display-devices.pdf:PDF}
}
@INPROCEEDINGS{Ur2014,
  author = {{U}r, {B}lase and {M}c{M}anus, {E}lyse and {P}ak {Y}ong {H}o, {M}elwyn
	and {L}ittman, {M}ichael {L}},
  title = {{P}ractical {T}rigger-{A}ction {P}rogramming in the {S}mart {H}ome},
  booktitle = {Proceedings of the 32nd Annual ACM Conference on Human Factors in
	Computing Systems},
  year = {2014},
  pages = {803--812},
  organization = {ACM},
  file = {:C\:\\Users\\kb\\Documents\\master_thesis\\documentation\\references\\practical-trigger-action-programming-in-the-smart-home.pdf:PDF}
}
@INPROCEEDINGS{Wobbrock2007,
  author = {{W}obbrock, {J}acob {O} and {W}ilson, {A}ndrew {D} and {L}i, {Y}ang},
  title = {{G}estures without {L}ibraries, {T}oolkits or {T}raining: a \$1 {R}ecognizer
	for {U}ser {I}interface {P}rototypes},
  booktitle = {Proceedings of the 20th annual ACM symposium on User interface software
	and technology},
  year = {2007},
  pages = {159--168},
  organization = {ACM},
  file = {:C\:\\Users\\kb\\Documents\\master_thesis\\documentation\\references\\gestures-without-libraries-toolkits-or-training-a-1$-recognizer-for-user-interface-prototypes.pdf:PDF}
}
@ONLINE{freecad,
author = {Freecad},
title = {An {O}pen {S}ource {P}arametric 3{D} {CAD} {M}odeler},
year = {2014},
url = {http://freecadweb.org}
}
@ONLINE{printer,
author = {{3D Systems, Inc.}},
title = {About 3{D} {S}ystems},
year = {2014},
url = {http://www.3dsystems.com/about-us}
}
@ONLINE{datasheet_printer,
author = {{3D Systems, Inc.}},
title = {{P}ro{J}et x60 {S}eries - {P}rofessional 3{D} {P}rinters},
year = {2014},
url = {http://www.3dsystems.com/about-us}
}
@misc{sachs1994three,
	title={Three-dimensional printing techniques},
	author={Sachs, E.M. and Haggerty, J.S. and Cima, M.J. and Williams, P.A.},
	url={http://www.google.com/patents/US5340656},
	year={1994},
	month=aug # "~23",
	publisher={Google Patents},
	note={US Patent 5,340,656}
}
@BOOK{koks2006,
	title = {Explorations in Mathematical Physics},
	author = {Koks, Don},
	year = {2006},
	publisher = {Springer Science+Business Media},
	chaper = {4},	
}

@ONLINE{amicobracelet,
	author={Muschke, Daniel},
	title={{A}mico {B}racelet},
	year={2012},
	month={June},
	url={http://grabcad.com/library/amico-bracelet--9}
}
@ONLINE{datasheet_rn42,
	author = {{Roving Networks}},
	title = {{RN-42 Class 2 Bluetooth Module}},
	year = {2013},
	month = {April},
	url = {http://ww1.microchip.com/downloads/en/DeviceDoc/rn-42-ds-v2.32r.pdf}
}
@ONLINE{arduino_uno,
	author = {Arduino},
	title = {{Arduino Uno}},
	year = {2014},
	url = {http://arduino.cc/en/Main/ArduinoBoardUno}	
}
@ONLINE{teensy_web,
	author = {Stoffregen, Paul and Coon, Robin},
	title = {{T}eensy {USB} {D}evelopment {B}oard},
	year = {2014},
	url = {https://www.pjrc.com/teensy/index.html}
}
@ONLINE{doubleclick,
	author = {{M}icrosoft {C}orporation},
	title = {{W}indows {D}ev {C}enter - {D}esktop: {GetDoubleClickTime} function},
	year = {2014},
	url = {http://msdn.microsoft.com/en-us/library/windows/desktop/ms646258.aspx}
}
@online{repo:3dollar,
	author = {{K}ratz, {S}ven},
	title = {Google Code: \$3 {G}esture {R}ecognizer},
	year = {2010},
	month = {June},
	day = {30},
	url = {https://code.google.com/p/three-dollar-gesture-recognizer},
	subtitle = {An easy-to-use Gesture Recognizer for Motion Gestures on Smart Phones.},
}
@online{sortaclear,
	title = {{SORTA}-Clear Series},
	subtitle = {Addition Cure Silicone Rubber Compounds},
	author = {{Smooth-On, Inc.}},
	year = {2014},
	url = {http://www.smooth-on.com/tb/files/SORTA_CLEAR_SERIES_TB.pdf},
}
@online{moldstar,
	title = {{Mold Star 15, 16 and 30}},
	subtitle = {1A:1B Mix By Volume Platinum Silicone Rubbers},
	author = {{Smooth-On, Inc.}},
	year = {2014},
	url = {http://www.smooth-on.com/tb/files/MOLD_STAR_15_16_30_TB.pdf},
}
@ARTICLE{datasheet:mma8652,
	author = {{Freescale Semiconductor}},
	title = {{X}trinsic {MMA8652FC} 3-{A}xis, 12-bit {D}igital {A}ccelerometer},
	journal = {{F}reescale {S}emiconductor {D}ata {S}heet},
	year = {2014},
	month = {June},
	volume = {Document Number: MMA8652FC, Rev. 3},
	url = {http://cache.freescale.com/files/sensors/doc/data_sheet/MMA8652FC.pdf}
}
@online{androidwear,
	title = {Android {W}ear},
	author = {Google},
	url = {http://www.android.com/wear/},
	year = {2014},
}
@online{ifttt,
	title = {About {IFTTT}},
	author = {{IFTTT, Inc.}},
	url = {https://ifttt.com/wtf},
	year = {2014},
}
@online{razernabu,
	title = {{R}azer {N}abu},
	author = {{Razer Inc.}},
	url = {http://nabu.razerzone.com/},
	year = {2014},
}
@online{galaxygear,
	title = {{S}amsung {G}alaxy {G}ear},
	author = {{Samsung Electronics}},
	url = {http://www.samsung.com/global/microsite/galaxynote3-gear/spec.html},
	year = {2014},
}
@online{pebble,
	title = {Pebble Watch},
	author = {{Pebble Technology, Corp.}},
	url = {https://getpebble.com/pebble},
	year = {2014},
}
@online{fitbit,
	title = {Fitbit Flex},
	author = {{Fitbit Inc.}},
	url = {https://www.fitbit.com/flex},
	year = {2014},
}
@article{i2c,
	title = {{I$^2$C}-{B}us {S}pecification and {U}ser {M}anual},
	author = {{NXP Semiconductors}},
	journal = {User Manual},
	volume = {Document Number UM10204, Rev. 6},
	year = {2014},
	month = {April},
	url = {http://www.nxp.com/documents/user_manual/UM10204.pdf},
}
@online{qwertie,
	title = {{I}nteger {C}onversion from {HSL} to {RGB}},
	author = {Qwertie's Scribblings},
	monath = {June},
	year = {2008},
	url = {http://qscribble.blogspot.de/2008/06/integer-conversion-from-hsl-to-rgb.html},
}
@BOOK{graphicsgems,
	title = {Graphcs Gems},
	volume = {V},
	author = {Paeth (Editor), Alan},
	publisher = {Academic Press},
	year = {1995},
	url = {https://github.com/erich666/GraphicsGems/blob/master/gemsv/ch7-6/tga/hsl.c},
}
@patent{ASTM2240,
author = {{ASTM International}},
title = {{ASTM Standard C33, Specification for Concrete Aggregates}},
number = {ASTM Standard C33},
date = {2003},
doi = {10.1520/C0033-03},
url = {www.astm.org},
}
@patent{ISO7619,
	author = {{ISO International Organization for Standardization}},
	title = {{ISO 7619-1:2010, Rubber, vulcanized or thermoplastic -- Determination of indentation hardness -- Part 1: Durometer method (Shore hardness)}},
	number = {ISO 7619-1:2010},
	year = {2010},
}
@online{smoothon-web,
author = {{Smooth-On, Inc.}},
title = {{What does 'Shore Hardness' mean?}},
url = {http://www.smooth-on.com/faq_display.php?faq_id=76},
year = {2014},
}
